@inproceedings{hu2003polyphonic,
  title={Polyphonic audio matching and alignment for music retrieval},
  author={Hu, Ning and Dannenberg, Roger B. and Tzanetakis, George},
  booktitle={IEEE Workshop on Applications of Signal Processing to Audio and Acoustics},
  pages={185--188},
  year={2003},
}

@article{ewert2012towards,
  title={Towards cross-version harmonic analysis of music},
  author={Ewert, Sebastian and M{\"u}ller, Meinard and Konz, Verena and M{\"u}llensiefen, Daniel and Wiggins, Geraint A.},
  journal={IEEE Transactions on Multimedia},
  volume={14},
  number={3},
  pages={770--782},
  year={2012},
  publisher={IEEE}
}

@article{turetsky2003ground,
  title={Ground-truth transcriptions of real music from force-aligned {MIDI} syntheses},
  author={Turetsky, Robert J. and Ellis, Daniel P. W.},
  journal={Proceedings of the 4th International Society for Music Information Retrieval Conference},
  pages={135--141},
  year={2003},
}

@article{ewert2014score,
  title={Score-informed source separation for musical audio recordings: An overview},
  author={Ewert, Sebastian and Pardo, Bryan and Muller, Mathias and Plumbley, Mark D.},
  journal={IEEE Signal Processing Magazine},
  volume={31},
  number={3},
  pages={116--124},
  year={2014},
}

@inproceedings{raffel2015large,
  title={Large-Scale Content-Based Matching of {MIDI} and Audio Files},
  author={Raffel, Colin and Ellis, Daniel P. W.},
  year={2015},
  booktitle={Proceedings of the 16th International Society for Music Information Retrieval Conference}
}

@inproceedings{raffel2014pretty_midi,
  title={Intuitive Analysis, Creation and Manipulation of {MIDI} Data with \texttt{pretty\char`_midi}},
  author={Raffel, Colin and Ellis, Daniel P. W.},
  year={2014},
  booktitle={Proceedings of the 15th International Society for Music Information Retrieval Conference Late Breaking and Demo Papers}
}

@inproceedings{berndt1994using,
  title={Using Dynamic Time Warping to Find Patterns in Time Series.},
  author={Berndt, Donald J and Clifford, James},
  booktitle={AAAI Workshop on Knowledge Discovery in Databases},
  volume={10},
  number={16},
  pages={359--370},
  year={1994}
}

@article{sakoe1978dynamic,
  title={Dynamic programming algorithm optimization for spoken word recognition},
  author={Sakoe, Hiroaki and Chiba, Seibi},
  journal={Acoustics, Speech and Signal Processing, IEEE Transactions on},
  volume={26},
  number={1},
  pages={43--49},
  year={1978},
  publisher={IEEE}
}

@inproceedings{grachten2013automatic,
  title={Automatic Alignment of Music Performances with Structural Differences.},
  author={Grachten, Maarten and Gasser, Martin and Arzt, Andreas and Widmer, Gerhard},
  booktitle={Proceedings of the 14th International Society for Music Information Retrieval Conference},
  pages={607--612},
  year={2013}
}

@article{muller2007dynamic,
  title={Dynamic time warping},
  author={M{\"u}ller, Meinard},
  journal={Information retrieval for music and motion},
  pages={69--84},
  year={2007},
  publisher={Springer}
}
